
@software{Allaire2019,
  title = {{{rmarkdown}}: Dynamic Documents for {{R}}},
  author = {Allaire, J J and Xie, Yihui and McPherson, Jonathan and Luraschi, Javier and Ushey, Kevin and Atkins, Aron and Wickham, Hadley and Cheng, Joe and Chang, Winston and Iannone, Richard},
  date = {2019},
  url = {https://github.com/rstudio/rmarkdown}
}

@article{Amann1995,
  title = {Phylogenetic Identification and {{{\emph{in situ}}}} Detection of Individual Microbial Cells without Cultivation.},
  author = {Amann, R I and Ludwig, W and Schleifer, K H},
  date = {1995-03},
  journaltitle = {Microbiol. Rev.},
  volume = {59},
  pages = {143--169},
  issn = {0146-0749},
  url = {http://www.ncbi.nlm.nih.gov/pubmed/7535888 http://www.pubmedcentral.nih.gov/articlerender.fcgi?artid=PMC239358},
  issue = {1},
  number = {1}
}

@article{Andersson2010,
  title = {Pyrosequencing Reveals Contrasting Seasonal Dynamics of Taxa within {{Baltic Sea}} Bacterioplankton Communities.},
  author = {Andersson, Anders F and Riemann, Lasse and Bertilsson, Stefan},
  date = {2010-02},
  journaltitle = {ISME J.},
  volume = {4},
  pages = {171--181},
  doi = {10.1038/ismej.2009.108},
  url = {http://www.nature.com/articles/ismej2009108},
  issue = {2},
  number = {2}
}

@article{Apprill2015,
  title = {Minor Revision to {{V4}} Region {{SSU rRNA 806R}} Gene Primer Greatly Increases Detection of {{SAR11}} Bacterioplankton},
  author = {Apprill, A and McNally, S and Parsons, R and Weber, L},
  date = {2015-06},
  journaltitle = {Aquat. Microb. Ecol.},
  volume = {75},
  pages = {129--137},
  issn = {0948-3055},
  doi = {10.3354/ame01753},
  url = {http://www.int-res.com/abstracts/ame/v75/n2/p129-137/},
  issue = {2},
  number = {2}
}

@software{Bengtsson2020,
  title = {{{matrixStats}}: Functions That Apply to Rows and Columns of Matrices (and to Vectors)},
  author = {Bengtsson, Henrik},
  date = {2020},
  url = {https://CRAN.R-project.org/package=matrixStats}
}

@article{Buchfink2015,
  title = {Fast and Sensitive Protein Alignment Using {{DIAMOND}}},
  author = {Buchfink, Benjamin and Xie, Chao and Huson, Daniel H.},
  date = {2015-01},
  journaltitle = {Nat. Methods},
  volume = {12},
  pages = {59--60},
  publisher = {{Nature Publishing Group}},
  issn = {1548-7105},
  doi = {10.1038/nmeth.3176},
  url = {https://www.nature.com/articles/nmeth.3176},
  urldate = {2020-07-08},
  issue = {1},
  langid = {english},
  number = {1}
}

@article{Burke2009,
  title = {Selective Extraction of Bacterial {{DNA}} from the Surfaces of Macroalgae.},
  author = {Burke, Catherine and Kjelleberg, Staffan and Thomas, Torsten},
  date = {2009-01},
  journaltitle = {Appl. Environ. Microbiol.},
  volume = {75},
  pages = {252--256},
  doi = {10.1128/AEM.01630-08},
  url = {http://aem.asm.org/cgi/doi/10.1128/AEM.01630-08},
  issue = {1},
  number = {1}
}

@article{Burke2011,
  title = {Bacterial Community Assembly Based on Functional Genes Rather than Species},
  author = {Burke, Catherine and Steinberg, Peter and Rusch, Doug and Kjelleberg, Staffan and Thomas, Torsten},
  date = {2011-08},
  journaltitle = {Proc. Natl. Acad. Sci. U. S. A.},
  volume = {108},
  pages = {14288--14293},
  issn = {00278424},
  doi = {10.1073/pnas.1101591108},
  url = {http://www.pnas.org/cgi/doi/10.1073/pnas.1101591108},
  issue = {34},
  keywords = {Biofilm,Ecological model,Lateral gene transfer},
  number = {34}
}

@article{Burke2011a,
  title = {Composition, Uniqueness and Variability of the Epiphytic Bacterial Community of the Green Alga {{{\emph{Ulva australis}}}}},
  author = {Burke, Catherine and Thomas, Torsten and Lewis, Matt and Steinberg, Peter and Kjelleberg, Staffan},
  date = {2011-04},
  journaltitle = {ISME J.},
  volume = {5},
  pages = {590--600},
  issn = {1751-7370},
  doi = {10.1038/ismej.2010.164},
  url = {http://www.nature.com/articles/ismej2010164 http://www.ncbi.nlm.nih.gov/pubmed/21048801 http://www.pubmedcentral.nih.gov/articlerender.fcgi?artid=PMC3105733},
  issue = {4},
  number = {4}
}

@article{Cai2014,
  title = {An Ultrasonic Method for Separation of Epiphytic Microbes from Freshwater Submerged Macrophytes.},
  author = {Cai, Xianlei and Gao, Guang and Yang, Jing and Tang, Xiangming and Dai, Jiangyu and Chen, Dan and Song, Yuzhi},
  date = {2014-07},
  journaltitle = {J. Basic Microbiol.},
  volume = {54},
  pages = {758--761},
  doi = {10.1002/jobm.201300041},
  url = {http://doi.wiley.com/10.1002/jobm.201300041},
  issue = {7},
  number = {7}
}

@article{Caporaso2012,
  title = {Ultra-High-Throughput Microbial Community Analysis on the {{Illumina HiSeq}} and {{MiSeq}} Platforms},
  author = {Caporaso, J Gregory and Lauber, Christian L and Walters, William A and Berg-Lyons, Donna and Huntley, James and Fierer, Noah and Owens, Sarah M and Betley, Jason and Fraser, Louise and Bauer, Markus and Gormley, Niall and Gilbert, Jack A and Smith, Geoff and Knight, Rob},
  date = {2012-08},
  journaltitle = {ISME J.},
  volume = {6},
  pages = {1621--1624},
  issn = {1751-7362},
  doi = {10.1038/ismej.2012.8},
  url = {http://www.ncbi.nlm.nih.gov/pubmed/22402401 http://www.pubmedcentral.nih.gov/articlerender.fcgi?artid=PMC3400413 http://www.nature.com/articles/ismej20128},
  issue = {8},
  number = {8}
}

@article{Chourey2010,
  title = {Direct Cellular Lysis/Protein Extraction Protocol for Soil Metaproteomics},
  author = {Chourey, Karuna and Jansson, Janet and VerBerkmoes, Nathan and Shah, Manesh and Chavarria, Krystle L. and Tom, Lauren M. and Brodie, Eoin L. and Hettich, Robert L.},
  date = {2010-12},
  journaltitle = {J. Proteome Res.},
  volume = {9},
  pages = {6615--6622},
  issn = {1535-3893},
  doi = {10.1021/pr100787q},
  url = {http://pubs.acs.org/doi/abs/10.1021/pr100787q},
  issue = {12},
  number = {12}
}

@article{Cole2014,
  title = {Ribosomal {{Database Project}}: Data and Tools for High Throughput {{rRNA}} Analysis},
  shorttitle = {Ribosomal {{Database Project}}},
  author = {Cole, James R. and Wang, Qiong and Fish, Jordan A. and Chai, Benli and McGarrell, Donna M. and Sun, Yanni and Brown, C. Titus and Porras-Alfaro, Andrea and Kuske, Cheryl R. and Tiedje, James M.},
  date = {2014-01-01},
  journaltitle = {Nucleic Acids Res},
  volume = {42},
  pages = {D633-D642},
  issn = {0305-1048},
  doi = {10.1093/nar/gkt1244},
  url = {https://www.ncbi.nlm.nih.gov/pmc/articles/PMC3965039/},
  urldate = {2020-04-15},
  issue = {Database issue},
  number = {Database issue},
  pmcid = {PMC3965039}
}

@article{Coneva2015,
  title = {Plant Architecture without Multicellularity: Quandaries over Patterning and the Soma-Germline Divide in Siphonous Algae},
  shorttitle = {Plant Architecture without Multicellularity},
  author = {Coneva, Viktoriya and Chitwood, Daniel H.},
  date = {2015},
  journaltitle = {Front. Plant Sci.},
  volume = {6},
  pages = {287},
  publisher = {{Frontiers}},
  issn = {1664-462X},
  doi = {10.3389/fpls.2015.00287},
  url = {https://www.frontiersin.org/articles/10.3389/fpls.2015.00287/full},
  urldate = {2020-09-04},
  keywords = {Coenocyte,green algae,morphology,multicellularity,patterning,small RNAs,transcript accumulation},
  langid = {english}
}

@article{Crump2018,
  title = {Metatranscriptomics and Amplicon Sequencing Reveal Mutualisms in Seagrass Microbiomes},
  author = {Crump, Byron C. and Wojahn, John M. and Tomas, Fiona and Mueller, Ryan S.},
  date = {2018-03},
  journaltitle = {Front. Microbiol.},
  volume = {9},
  pages = {388},
  publisher = {{Frontiers Media S.A.}},
  issn = {1664302X},
  doi = {10.3389/fmicb.2018.00388},
  issue = {MAR},
  keywords = {Diazotroph,DNA,Eelgrass,Estuary,Marine,Microbiology,PCR,Symbiosis},
  number = {MAR}
}

@article{Cucio2018,
  title = {Metagenomic Analysis Shows the Presence of Bacteria Related to Free-Living Forms of Sulfur-Oxidizing Chemolithoautotrophic Symbionts in the Rhizosphere of the Seagrass {{{\emph{Zostera marina}}}}},
  author = {C\'ucio, Catarina and Overmars, Lex and Engelen, Aschwin H. and Muyzer, Gerard},
  date = {2018},
  journaltitle = {Front. Mar. Sci.},
  volume = {5},
  pages = {171},
  publisher = {{Frontiers}},
  issn = {2296-7745},
  doi = {10.3389/fmars.2018.00171},
  url = {https://www.frontiersin.org/articles/10.3389/fmars.2018.00171/full},
  urldate = {2020-09-11},
  keywords = {Chemolithoautotrophs,Metagenomics,Plant-Microbe Interactions,rhizobiome,seagrass microbiome,sulfur bacteria,symbionts},
  langid = {english}
}

@article{Egan2013,
  title = {The Seaweed Holobiont: Understanding Seaweed-Bacteria Interactions.},
  author = {Egan, Suhelen and Harder, Tilmann and Burke, Catherine and Steinberg, Peter and Kjelleberg, Staffan and Thomas, Torsten},
  date = {2013-05},
  journaltitle = {FEMS Microbiol. Rev.},
  volume = {37},
  pages = {462--476},
  doi = {10.1111/1574-6976.12011},
  url = {https://academic.oup.com/femsre/article-lookup/doi/10.1111/1574-6976.12011},
  issue = {3},
  number = {3}
}

@article{Gilbert2009,
  title = {The Seasonal Structure of Microbial Communities in the {{Western English Channel}}},
  author = {Gilbert, Jack A. and Field, Dawn and Swift, Paul and Newbold, Lindsay and Oliver, Anna and Smyth, Tim and Somerfield, Paul J. and Huse, Sue and Joint, Ian},
  date = {2009-12},
  journaltitle = {Environ. Microbiol.},
  volume = {11},
  pages = {3132--3139},
  issn = {14622912},
  doi = {10.1111/j.1462-2920.2009.02017.x},
  url = {http://www.ncbi.nlm.nih.gov/pubmed/19659500 http://doi.wiley.com/10.1111/j.1462-2920.2009.02017.x},
  issue = {12},
  number = {12}
}

@article{Gross2003,
  title = {Epiphyte Biomass and Elemental Composition on Submersed Macrophytes in Shallow Eutrophic Lakes},
  author = {Gross, Elisabeth M. and Feldbaum, Claudia and Graf, Andrea},
  date = {2003},
  journaltitle = {Hydrobiologia},
  volume = {506-509},
  pages = {559--565},
  publisher = {{Kluwer Academic Publishers}},
  issn = {0018-8158},
  doi = {10.1023/B:HYDR.0000008538.68268.82},
  url = {http://link.springer.com/10.1023/B:HYDR.0000008538.68268.82},
  issue = {1-3},
  number = {1-3}
}

@article{Huerta-Cepas2017,
  title = {Fast Genome-Wide Functional Annotation through Orthology Assignment by {{eggNOG}}-Mapper},
  author = {Huerta-Cepas, Jaime and Forslund, Kristoffer and Coelho, Luis Pedro and Szklarczyk, Damian and Jensen, Lars Juhl and von Mering, Christian and Bork, Peer},
  date = {2017-08-01},
  journaltitle = {Mol. Biol. Evol.},
  volume = {34},
  pages = {2115--2122},
  issn = {1537-1719},
  doi = {10.1093/molbev/msx148},
  keywords = {Algorithms,comparative genomics,Computer Simulation,Databases; Genetic,Databases; Protein,functional annotation,gene function,Gene Ontology,Genome,genomics,metagenomics,orthology,Phylogeny,Sequence Alignment,Sequence Analysis; Protein,Software},
  langid = {english},
  number = {8},
  options = {useprefix=true},
  pmcid = {PMC5850834}
}

@article{Huerta-Cepas2019,
  title = {{{eggNOG}} 5.0: A Hierarchical, Functionally and Phylogenetically Annotated Orthology Resource Based on 5090 Organisms and 2502 Viruses},
  shorttitle = {{{eggNOG}} 5.0},
  author = {Huerta-Cepas, Jaime and Szklarczyk, Damian and Heller, Davide and Hern\'andez-Plaza, Ana and Forslund, Sofia K. and Cook, Helen and Mende, Daniel R. and Letunic, Ivica and Rattei, Thomas and Jensen, Lars J. and von Mering, Christian and Bork, Peer},
  date = {2019-01-08},
  journaltitle = {Nucleic Acids Res},
  volume = {47},
  pages = {D309-D314},
  publisher = {{Oxford Academic}},
  issn = {0305-1048},
  doi = {10.1093/nar/gky1085},
  url = {https://academic.oup.com/nar/article/47/D1/D309/5173662},
  urldate = {2020-07-08},
  langid = {english},
  number = {D1},
  options = {useprefix=true}
}

@article{Hultman2015,
  title = {Multi-Omics of Permafrost, Active Layer and Thermokarst Bog Soil Microbiomes.},
  author = {Hultman, Jenni and Waldrop, Mark P and Mackelprang, Rachel and David, Maude M and McFarland, Jack and Blazewicz, Steven J and Harden, Jennifer and Turetsky, Merritt R and McGuire, A David and Shah, Manesh B and VerBerkmoes, Nathan C and Lee, Lang Ho and Mavrommatis, Kostas and Jansson, Janet K},
  date = {2015-05},
  journaltitle = {Nature},
  volume = {521},
  pages = {208--212},
  doi = {10.1038/nature14238},
  url = {http://www.nature.com/articles/nature14238},
  issue = {7551},
  number = {7551}
}

@article{Hyatt2010,
  title = {Prodigal: Prokaryotic Gene Recognition and Translation Initiation Site Identification},
  shorttitle = {Prodigal},
  author = {Hyatt, Doug and Chen, Gwo-Liang and LoCascio, Philip F. and Land, Miriam L. and Larimer, Frank W. and Hauser, Loren J.},
  date = {2010-03-08},
  journaltitle = {BMC Bioinformatics},
  volume = {11},
  pages = {119},
  issn = {1471-2105},
  doi = {10.1186/1471-2105-11-119},
  url = {https://doi.org/10.1186/1471-2105-11-119},
  urldate = {2020-07-08},
  number = {1}
}

@article{Jiang2015,
  title = {Illumina-Based Analysis the Microbial Diversity Associated with {{{\emph{Thalassia hemprichii}}}} in {{Xincun Bay}}, {{South China Sea}}.},
  author = {Jiang, Yu-Feng and Ling, Juan and Dong, Jun-De and Chen, Biao and Zhang, Yan-Ying and Zhang, Yuan-Zhou and Wang, You-Shao},
  date = {2015-10},
  journaltitle = {Ecotoxicology},
  volume = {24},
  pages = {1548--56},
  issn = {1573-3017},
  doi = {10.1007/s10646-015-1511-z},
  url = {http://link.springer.com/10.1007/s10646-015-1511-z http://www.ncbi.nlm.nih.gov/pubmed/26092035},
  issue = {7-8},
  keywords = {Cyanobacteria,Microbial communities,South China Sea,Thalassia hemprichii,Xincun Bay,α-Proteobacteria},
  number = {7-8}
}

@article{Korlevic2016,
  title = {Bacterial Diversity across a Highly Stratified Ecosystem: A Salt-Wedge {{Mediterranean}} Estuary},
  author = {Korlevi\'c, M. and \v{S}upraha, L. and Ljube\v{s}i\'c, Z. and Henderiks, J. and Ciglene\v{c}ki, I. and Dautovi\'c, J. and Orli\'c, S.},
  date = {2016-09},
  journaltitle = {Syst. Appl. Microbiol.},
  volume = {39},
  pages = {398--408},
  issn = {07232020},
  doi = {10.1016/j.syapm.2016.06.006},
  url = {http://www.ncbi.nlm.nih.gov/pubmed/27475818 http://linkinghub.elsevier.com/retrieve/pii/S0723202016300510},
  issue = {6},
  keywords = {16S amplicon,CARD FISH,Diversity,Estuaries,Gradient,Phytoplankton bloom},
  number = {6}
}

@article{Kozich2013,
  title = {Development of a Dual-Index Sequencing Strategy and Curation Pipeline for Analyzing Amplicon Sequence Data on the {{MiSeq Illumina}} Sequencing Platform.},
  author = {Kozich, James J and Westcott, Sarah L and Baxter, Nielson T and Highlander, Sarah K and Schloss, Patrick D},
  date = {2013-09},
  journaltitle = {Appl. Environ. Microbiol.},
  volume = {79},
  pages = {5112--5120},
  doi = {10.1128/AEM.01043-13},
  url = {http://aem.asm.org/lookup/doi/10.1128/AEM.01043-13},
  issue = {17},
  number = {17}
}

@incollection{Kuo2001,
  title = {Seagrass Taxonomy and Identification Key},
  booktitle = {Global {{Seagrass Research Methods}}},
  author = {Kuo, John and den Hartog, C.},
  editor = {Short, Frederick T. and Coles, Robert G.},
  date = {2001},
  edition = {1st},
  pages = {31--58},
  publisher = {{Elsevier Science B.V.}},
  location = {{Amsterdam}},
  options = {useprefix=true}
}

@article{Lam2016,
  title = {Complete Chloroplast Genome for {{{\emph{Caulerpa racemosa}}}} ({{Bryopsidales}}, {{Chlorophyta}}) and Comparative Analyses of Siphonous Green Seaweed Plastomes},
  author = {Lam, Daryl W. and Lopez-Bautista, Juan M.},
  date = {2016},
  journaltitle = {Cymbella},
  volume = {2},
  pages = {23--32},
  url = {https://www.researchgate.net/publication/312611101_Complete_chloroplast_genome_for_Caulerpa_racemosa_Bryopsidales_Chlorophyta_and_comparative_analyses_of_siphonous_green_seaweed_plastomes},
  urldate = {2020-09-09},
  langid = {english},
  number = {2}
}

@article{Leary2014,
  title = {Integrated Metagenomic and Metaproteomic Analyses of Marine Biofilm Communities},
  author = {Leary, Dagmar H. and Li, Robert W. and Hamdan, Leila J. and IV, W. Judson Hervey and Lebedev, Nikolai and Wang, Zheng and Deschamps, Jeffrey R. and Kusterbeck, Anne W. and Vora, Gary J.},
  date = {2014-11-26},
  journaltitle = {Biofouling},
  volume = {30},
  pages = {1211--1223},
  publisher = {{Taylor \& Francis}},
  issn = {0892-7014},
  doi = {10.1080/08927014.2014.977267},
  url = {https://doi.org/10.1080/08927014.2014.977267},
  urldate = {2020-09-11},
  keywords = {biofouling,diatoms,metagenome,metaproteome,quantitative proteomics,ship hull},
  number = {10}
}

@article{Li2009a,
  title = {Fast and Accurate Short Read Alignment with {{Burrows}}\textendash{{Wheeler}} Transform},
  author = {Li, Heng and Durbin, Richard},
  date = {2009-07-15},
  journaltitle = {Bioinformatics},
  volume = {25},
  pages = {1754--1760},
  publisher = {{Oxford Academic}},
  issn = {1367-4803},
  doi = {10.1093/bioinformatics/btp324},
  url = {https://academic.oup.com/bioinformatics/article/25/14/1754/225615},
  urldate = {2020-07-08},
  langid = {english},
  number = {14}
}

@article{Li2015,
  title = {{{MEGAHIT}}: An Ultra-Fast Single-Node Solution for Large and Complex Metagenomics Assembly via Succinct de {{Bruijn}} Graph},
  shorttitle = {{{MEGAHIT}}},
  author = {Li, Dinghua and Liu, Chi-Man and Luo, Ruibang and Sadakane, Kunihiko and Lam, Tak-Wah},
  date = {2015-05-15},
  journaltitle = {Bioinformatics},
  volume = {31},
  pages = {1674--1676},
  publisher = {{Oxford Academic}},
  issn = {1367-4803},
  doi = {10.1093/bioinformatics/btv033},
  url = {https://academic.oup.com/bioinformatics/article/31/10/1674/177884},
  urldate = {2020-07-08},
  langid = {english},
  number = {10}
}

@article{Longford2007,
  title = {Comparisons of Diversity of Bacterial Communities Associated with Three Sessile Marine Eukaryotes},
  author = {Longford, SR and Tujula, NA and Crocetti, GR and Holmes, AJ and Holmstr\"om, C and Kjelleberg, S and Steinberg, PD and Taylor, MW},
  date = {2007-08},
  journaltitle = {Aquat. Microb. Ecol.},
  volume = {48},
  pages = {217--229},
  publisher = {{Inter-Research}},
  issn = {0948-3055},
  doi = {10.3354/ame048217},
  url = {http://www.int-res.com/abstracts/ame/v48/n3/p217-229/},
  issue = {3},
  keywords = {Bacterial communities,Diversity,Host organisms,Macroalga,Marine,Sponge},
  number = {3}
}

@article{Massana1997,
  title = {Vertical Distribution and Phylogenetic Characterization of Marine Planktonic {{{\emph{Archaea}}}} in the {{Santa Barbara Channel}}.},
  author = {Massana, R and Murray, A E and Preston, C M and DeLong, E F},
  date = {1997-01},
  journaltitle = {Appl. Environ. Microbiol.},
  volume = {63},
  pages = {50--56},
  issue = {1},
  number = {1}
}

@article{Michelou2013,
  title = {The Ecology of Microbial Communities Associated with {{{\emph{Macrocystis pyrifera}}}}},
  author = {Michelou, Vanessa K. and Caporaso, J. Gregory and Knight, Rob and Palumbi, Stephen R.},
  editor = {Harder, Tilmann},
  date = {2013-06},
  journaltitle = {PloS One},
  volume = {8},
  pages = {e67480},
  publisher = {{Public Library of Science}},
  issn = {1932-6203},
  doi = {10.1371/journal.pone.0067480},
  url = {https://dx.plos.org/10.1371/journal.pone.0067480},
  issue = {6},
  number = {6}
}

@article{Morrissey2019,
  title = {Disentangling the Influence of Environment, Host Specificity and Thallus Differentiation on Bacterial Communities in Siphonous Green Seaweeds.},
  author = {Morrissey, Kathryn Lee and \c{C}avas, Levent and Willems, Anne and De Clerck, Olivier},
  date = {2019},
  journaltitle = {Front. Microbiol.},
  volume = {10},
  pages = {717},
  publisher = {{Frontiers Media S.A.}},
  issn = {1664302X},
  doi = {10.3389/fmicb.2019.00717},
  issue = {APR},
  keywords = {Bacterial variation,Caulerpa,Host specificity,Microbiome,Morphological niche},
  number = {APR}
}

@article{Najdek2020,
  title = {Dynamics of Environmental Conditions during the Decline of a {{{\emph{Cymodocea nodosa}}}} Meadow},
  author = {Najdek, Mirjana and Korlevi\'c, Marino and Paliaga, Paolo and Markovski, Marsej and Ivan\v{c}i\'c, Ingrid and Ive\v{s}a, Ljiljana and Felja, Igor and Herndl, Gerhard J.},
  date = {2020-06-30},
  journaltitle = {Biogeosciences},
  volume = {17},
  pages = {3299--3315},
  publisher = {{Copernicus GmbH}},
  issn = {1726-4170},
  doi = {10.5194/bg-17-3299-2020},
  url = {https://bg.copernicus.org/articles/17/3299/2020/},
  urldate = {2020-09-04},
  langid = {english},
  number = {12}
}

@software{Neuwirth2014,
  title = {{{RColorBrewer}}: {{ColorBrewer}} Palettes},
  author = {Neuwirth, Erich},
  date = {2014},
  url = {https://cran.r-project.org/package=RColorBrewer}
}

@article{Noges2010,
  title = {Primary Production of Aquatic Macrophytes and Their Epiphytes in Two Shallow Lakes ({{Peipsi}} and {{V\~ortsj\"arv}}) in {{Estonia}}},
  author = {N\~oges, Tiina and Luup, Helen and Feldmann, T\~onu},
  date = {2010-03},
  journaltitle = {Aquat. Ecol.},
  volume = {44},
  pages = {83--92},
  publisher = {{Springer Netherlands}},
  issn = {1386-2588},
  doi = {10.1007/s10452-009-9249-4},
  url = {http://link.springer.com/10.1007/s10452-009-9249-4},
  issue = {1},
  number = {1}
}

@article{Parada2016,
  title = {Every Base Matters: Assessing Small Subunit {{rRNA}} Primers for Marine Microbiomes with Mock Communities, Time Series and Global Field Samples},
  author = {Parada, Alma E. and Needham, David M. and Fuhrman, Jed A.},
  date = {2016-05},
  journaltitle = {Environ. Microbiol.},
  volume = {18},
  pages = {1403--1414},
  issn = {14622912},
  doi = {10.1111/1462-2920.13023},
  url = {http://www.ncbi.nlm.nih.gov/pubmed/26271760 http://doi.wiley.com/10.1111/1462-2920.13023},
  issue = {5},
  number = {5}
}

@article{Quast2013,
  title = {The {{SILVA}} Ribosomal {{RNA}} Gene Database Project: Improved Data Processing and Web-Based Tools.},
  author = {Quast, Christian and Pruesse, Elmar and Yilmaz, Pelin and Gerken, Jan and Schweer, Timmy and Yarza, Pablo and Peplies, J\"org and Gl\"ockner, Frank Oliver},
  date = {2013-01},
  journaltitle = {Nucleic Acids Res.},
  volume = {41},
  pages = {D590--D596},
  issn = {1362-4962},
  doi = {10.1093/nar/gks1219},
  url = {http://academic.oup.com/nar/article/41/D1/D590/1069277/The-SILVA-ribosomal-RNA-gene-database-project http://www.ncbi.nlm.nih.gov/pubmed/23193283 http://www.pubmedcentral.nih.gov/articlerender.fcgi?artid=PMC3531112},
  issue = {Database issue},
  number = {Database issue}
}

@software{RCoreTeam2019,
  title = {R: {{A}} Language and Environment for Statistical Computing},
  author = {{R Core Team}},
  date = {2019},
  location = {{Vienna, Austria}},
  url = {https://www.r-project.org/},
  organization = {{R Foundation for Statistical Computing}}
}

@article{Reyes2001,
  title = {Biomass and Production of the Epiphytes on the Leaves of {{{\emph{Cymodocea nodosa}}}} in the {{Canary Islands}}},
  author = {Reyes, J. and Sans\'on, M.},
  date = {2001-08},
  journaltitle = {Bot. Mar.},
  volume = {44},
  pages = {307--313},
  publisher = {{Walter de Gruyter}},
  issn = {00068055},
  doi = {10.1515/BOT.2001.039},
  issue = {4},
  number = {4}
}

@article{Richter-Heitmann2016,
  title = {Evaluation of Strategies to Separate Root-Associated Microbial Communities: A Crucial Choice in Rhizobiome Research},
  author = {Richter-Heitmann, Tim and Eickhorst, Thilo and Knauth, Stefan and Friedrich, Michael W. and Schmidt, Hannes},
  date = {2016-05},
  journaltitle = {Front. Microbiol.},
  volume = {7},
  pages = {773},
  publisher = {{Frontiers}},
  issn = {1664-302X},
  doi = {10.3389/fmicb.2016.00773},
  url = {http://journal.frontiersin.org/Article/10.3389/fmicb.2016.00773/abstract},
  keywords = {endosphere,rhizobiome,rhizoplane,rhizosphere,root microbiome}
}

@article{Saito2019,
  title = {Progress and Challenges in Ocean Metaproteomics and Proposed Best Practices for Data Sharing},
  author = {Saito, Mak A. and Bertrand, Erin M. and Duffy, Megan E. and Gaylord, David A. and Held, Noelle A. and Hervey, William Judson and Hettich, Robert L. and Jagtap, Pratik D. and Janech, Michael G. and Kinkade, Danie B. and Leary, Dagmar H. and McIlvin, Matthew R. and Moore, Eli K. and Morris, Robert M. and Neely, Benjamin A. and Nunn, Brook L. and Saunders, Jaclyn K. and Shepherd, Adam I. and Symmonds, Nicholas I. and Walsh, David A.},
  date = {2019-04-05},
  journaltitle = {J. Proteome Res.},
  volume = {18},
  pages = {1461--1476},
  publisher = {{American Chemical Society}},
  issn = {1535-3893},
  doi = {10.1021/acs.jproteome.8b00761},
  url = {https://doi.org/10.1021/acs.jproteome.8b00761},
  urldate = {2020-09-11},
  number = {4}
}

@article{Schloss2009,
  title = {Introducing Mothur: Open-Source, Platform-Independent, Community-Supported Software for Describing and Comparing Microbial Communities},
  author = {Schloss, Patrick D and Westcott, Sarah L and Ryabin, Thomas and Hall, Justine R and Hartmann, Martin and Hollister, Emily B and Lesniewski, Ryan A and Oakley, Brian B and Parks, Donovan H and Robinson, Courtney J and Sahl, Jason W and Stres, Blaz and Thallinger, Gerhard G and Van Horn, David J and Weber, Carolyn F},
  date = {2009-12},
  journaltitle = {Appl. Environ. Microbiol.},
  volume = {75},
  pages = {7537--7541},
  doi = {10.1128/AEM.01541-09},
  url = {http://aem.asm.org/cgi/doi/10.1128/AEM.01541-09},
  issue = {23},
  number = {23}
}

@article{Schloss2016,
  title = {Sequencing {{16S rRNA}} Gene Fragments Using the {{PacBio SMRT DNA}} Sequencing System.},
  author = {Schloss, Patrick D and Jenior, Matthew L and Koumpouras, Charles C and Westcott, Sarah L and Highlander, Sarah K},
  date = {2016-03},
  journaltitle = {PeerJ},
  volume = {4},
  pages = {e1869},
  issn = {2167-8359},
  doi = {10.7717/peerj.1869},
  url = {https://peerj.com/articles/1869 http://www.ncbi.nlm.nih.gov/pubmed/27069806 http://www.pubmedcentral.nih.gov/articlerender.fcgi?artid=PMC4824876},
  keywords = {16S rRNA gene sequencing,Bioinformatics,Microbial ecology,Microbiome,Next generation sequencing,PacBio,Sequencing error}
}

@article{Schloss2016a,
  title = {Status of the Archaeal and Bacterial Census: An Update.},
  author = {Schloss, Patrick D and Girard, Rene A and Martin, Thomas and Edwards, Joshua and Thrash, J Cameron},
  date = {2016-07},
  journaltitle = {mBio},
  volume = {7},
  pages = {e00201--16},
  doi = {10.1128/mBio.00201-16},
  url = {http://mbio.asm.org/lookup/doi/10.1128/mBio.00201-16},
  issue = {3},
  number = {3}
}

@article{Staufenberger2008,
  title = {Phylogenetic Analysis of Bacteria Associated with {{{\emph{Laminaria saccharina}}}}},
  author = {Staufenberger, Tim and Thiel, Vera and Wiese, Jutta and Imhoff, Johannes F.},
  date = {2008-04},
  journaltitle = {FEMS Microbiol. Ecol.},
  volume = {64},
  pages = {65--77},
  issn = {01686496},
  doi = {10.1111/j.1574-6941.2008.00445.x},
  url = {http://www.ncbi.nlm.nih.gov/pubmed/18328081 https://academic.oup.com/femsec/article-lookup/doi/10.1111/j.1574-6941.2008.00445.x},
  issue = {1},
  number = {1}
}

@article{Su2012,
  title = {Culture-Independent Methods for Studying Environmental Microorganisms: Methods, Application, and Perspective.},
  author = {Su, Can and Lei, Liping and Duan, Yanqing and Zhang, Ke-Qin and Yang, Jinkui},
  date = {2012-02},
  journaltitle = {Appl. Microbiol. Biotechnol.},
  volume = {93},
  pages = {993--1003},
  issn = {1432-0614},
  doi = {10.1007/s00253-011-3800-7},
  url = {http://link.springer.com/10.1007/s00253-011-3800-7 http://www.ncbi.nlm.nih.gov/pubmed/22189863},
  issue = {3},
  number = {3}
}

@article{Uku2007,
  title = {Characterization and Comparison of Prokaryotic Epiphytes Associated with Three {{East African}} Seagrasses},
  author = {Uku, Jacqueline and Bj\"ork, Mats and Bergman, Birgitta and D\'iez, Beatriz},
  date = {2007-08},
  journaltitle = {J. Phycol.},
  volume = {43},
  pages = {768--779},
  publisher = {{Wiley/Blackwell (10.1111)}},
  issn = {00223646},
  doi = {10.1111/j.1529-8817.2007.00371.x},
  url = {http://doi.wiley.com/10.1111/j.1529-8817.2007.00371.x},
  issue = {4},
  keywords = {Cyanobacteria,Diversity,Epiphytes,Nitrogen fixation,Phyllosphere,Seagrass},
  number = {4}
}

@article{Verlaque2003,
  title = {On the Identity and Origin of the {{Mediterranean}} Invasive {{{\emph{Caulerpa}}}}{\emph{ Racemosa}} ({{Caulerpales}}, {{Chlorophyta}})},
  author = {Verlaque, Marc and Durand, Christine and Huisman, John M and Boudouresque, Charles-Fran\c{c}ois and Le Parco, Yannick},
  date = {2003-11},
  journaltitle = {Eur. J. Phycol.},
  volume = {38},
  pages = {325--339},
  issn = {0967-0262},
  doi = {10.1080/09670260310001612592},
  url = {http://www.tandfonline.com/doi/abs/10.1080/09670260310001612592},
  issue = {4},
  number = {4}
}

@article{Weidner1996,
  title = {Diversity of Uncultured Microorganisms Associated with the Seagrass {{{\emph{Halophila stipulacea}}}} Estimated by Restriction Fragment Length Polymorphism Analysis of {{PCR}}-Amplified {{16S rRNA}} Genes.},
  author = {Weidner, S and Arnold, W and Puhler, A},
  date = {1996-03},
  journaltitle = {Appl. Environ. Microbiol.},
  volume = {62},
  pages = {766--771},
  publisher = {{American Society for Microbiology (ASM)}},
  issue = {3},
  number = {3}
}

@article{Wickham2019,
  title = {Welcome to the Tidyverse},
  author = {Wickham, Hadley and Averick, Mara and Bryan, Jennifer and Chang, Winston and McGowan, Lucy D'Agostino and Fran\c{c}ois, Romain and Grolemund, Garrett and Hayes, Alex and Henry, Lionel and Hester, Jim and Kuhn, Max and Pedersen, Thomas Lin and Miller, Evan and Bache, Stephan Milton and M\"uller, Kirill and Ooms, Jeroen and Robinson, David and Seidel, Dana Paige and Spinu, Vitalie and Takahashi, Kohske and Vaughan, Davis and Wilke, Claus and Woo, Kara and Yutani, Hiroaki},
  date = {2019},
  journaltitle = {J. Open Source Softw.},
  volume = {4},
  pages = {1686},
  doi = {10.21105/joss.01686},
  issue = {43},
  number = {43}
}

@software{Wilke2018,
  title = {{{cowplot}}: Streamlined Plot Theme and Plot Annotations for 'Ggplot2'},
  author = {Wilke, Claus O.},
  date = {2018},
  url = {https://CRAN.R-project.org/package=cowplot}
}

@article{Williams2012,
  title = {A Metaproteomic Assessment of Winter and Summer Bacterioplankton from {{Antarctic Peninsula}} Coastal Surface Waters},
  author = {Williams, Timothy J and Long, Emilie and Evans, Flavia and DeMaere, Mathew Z and Lauro, Federico M and Raftery, Mark J and Ducklow, Hugh and Grzymski, Joseph J and Murray, Alison E and Cavicchioli, Ricardo},
  date = {2012-10},
  journaltitle = {ISME J.},
  volume = {6},
  pages = {1883--1900},
  issn = {1751-7362},
  doi = {10.1038/ismej.2012.28},
  url = {http://www.ncbi.nlm.nih.gov/pubmed/22534610 http://www.pubmedcentral.nih.gov/articlerender.fcgi?artid=PMC3446797 http://www.nature.com/articles/ismej201228},
  issue = {10},
  number = {10}
}

@article{Wisniewski2009,
  title = {Universal Sample Preparation Method for Proteome Analysis},
  author = {Wi\'sniewski, Jacek R and Zougman, Alexandre and Nagaraj, Nagarjuna and Mann, Matthias},
  date = {2009-05},
  journaltitle = {Nat. Methods},
  volume = {6},
  pages = {359--362},
  issn = {1548-7091},
  doi = {10.1038/nmeth.1322},
  url = {http://www.ncbi.nlm.nih.gov/pubmed/19377485 http://www.nature.com/articles/nmeth.1322},
  issue = {5},
  number = {5}
}

@incollection{Xie2014,
  title = {{{ knitr}}: A Comprehensive Tool for Reproducible Research in {{R}}},
  booktitle = {Implementing {{Reproducible Computational Research}}},
  author = {Xie, Yihui},
  editor = {Stodden, Victoria and Leisch, Friedrich and Peng, Roger D},
  date = {2014},
  pages = {3--32},
  publisher = {{Chapman and Hall/CRC}},
  location = {{New York}},
  url = {http://www.crcpress.com/product/isbn/9781466561595}
}

@book{Xie2015,
  title = {Dynamic {{Documents}} with {{R}} and Knitr},
  author = {Xie, Yihui},
  date = {2015},
  edition = {2},
  publisher = {{Chapman and Hall/CRC}},
  location = {{Boca Raton, Florida}},
  url = {https://yihui.name/knitr/}
}

@book{Xie2018,
  title = {R {{Markdown}}: {{The Definitive Guide}}},
  author = {Xie, Yihui and Allaire, J J and Grolemund, Garrett},
  date = {2018},
  edition = {1st},
  publisher = {{Chapman and Hall/CRC}},
  location = {{Boca Raton, Florida}},
  url = {https://bookdown.org/yihui/rmarkdown}
}

@article{Xie2019a,
  title = {{{TinyTeX}}: A Lightweight, Cross-Platform, and Easy-to-Maintain {{LaTeX}} Distribution Based on {{TeX Live}}},
  author = {Xie, Yihui},
  date = {2019},
  journaltitle = {TUGboat},
  volume = {40},
  pages = {30--32},
  url = {http://tug.org/TUGboat/Contents/contents40-1.html},
  issue = {1},
  number = {1}
}

@software{Xie2020,
  title = {{{tinytex}}: Helper Functions to Install and Maintain '{{TeX Live}}', and Compile '{{LaTeX}}' Documents},
  author = {Xie, Yihui},
  date = {2020},
  url = {https://github.com/yihui/tinytex}
}

@article{Yilmaz2014,
  title = {The {{SILVA}} and "{{All}}-{{Species Living Tree Project}} ({{LTP}})" Taxonomic Frameworks},
  author = {Yilmaz, Pelin and Parfrey, Laura Wegener and Yarza, Pablo and Gerken, Jan and Pruesse, Elmar and Quast, Christian and Schweer, Timmy and Peplies, J\"org and Ludwig, Wolfgang and Gl\"ockner, Frank Oliver},
  date = {2014-01},
  journaltitle = {Nucleic Acids Res.},
  volume = {42},
  pages = {D643--D648},
  issn = {1362-4962},
  doi = {10.1093/nar/gkt1209},
  url = {https://academic.oup.com/nar/article-lookup/doi/10.1093/nar/gkt1209 http://www.ncbi.nlm.nih.gov/pubmed/24293649 http://www.pubmedcentral.nih.gov/articlerender.fcgi?artid=PMC3965112},
  issue = {D1},
  number = {D1}
}

@software{Zhu2019,
  title = {{{kableExtra}}: Construct Complex Table with 'kable' and Pipe Syntax},
  author = {Zhu, Hao},
  date = {2019},
  url = {https://cran.r-project.org/package=kableExtra}
}


